@misc{DLang,
	title = {D Programming Language},
	publisher = {The D Language Foundation},
	address = {Washington},
	year = {c1999-2017},
	URL = {http://dlang.org/},
}

@misc{NimLang,
	title = {Nim Programming Language},
	publisher = {Witte},
	address = {Xxx},
	year = {c2015},
	URL = {https://nim-lang.org/documentation.html},
}

@misc{CrystalLang,
	title = {The Crystal Programming Language},
	publisher = {Manas},
	address = {Xxx},
	year = {c2015},
	URL = {https://crystal-lang.org/},
}

@misc{AnteLang,
	title = {Ante: The compile-time language},
	publisher = {Jfecher},
	address = {Xxx},
	year = {2015},
	URL = {https://github.com/jfecher/ante},
}

@misc{ZigLang,
	title = {The Zig Programming Language},
	publisher = {Kelley},
	address = {Xxx},
	year = {2015},
	URL = {http://ziglang.org/},
}

@masterthesis{MyThesis,
	author = {Daniel ÄŒejchan},
	title = {Compiler for a New Modular Programming Language},
	address = {Brno},
	year = {2017},
	school = {University of Technology in Brno},
}

