@misc{BrightUFCS,
	author = {Walter Bright},
	journal = {Dr. Dobb's},
	title = {Uniform Function Call Syntax},
	publisher = {UBM},
	address = {San Francisco},
	year = {2002},
	URL = {http://www.drdobbs.com/cpp/uniform-function-call-syntax/232700394},
}

@misc{GarbageCollectionHarmful,
	author = {Musing Mortoray},
  journal = {Musing Mortoray},
  title = {Why Garbage Collection is not Necessary and actually Harmful},
  publisher = {Edaqa Mortoray},
  address = {München},
  year = {2011},
  URL = {https://mortoray.com/2011/03/30/why-garbage-collection-is-not-necessary-and-actually-harmful/},
}

@misc{CppRef,
	title = {C++ reference},
	publisher = {Tiger Technologies LLC},
	address = {Berkeley},
	year = {2011},
	URL = {http://en.cppreference.com/w/},
}

@misc{DSpec,
	title = {Specification for the D Programming Language},
	publisher = {D Language Foundation},
	address = {Washington},
	year = {1999},
	URL = {https://dlang.org/spec/spec.html},
}

@misc{RustRef,
	title = {The Rust Programming Language},
	publisher = {(komunitní)},
	address = {Vancouver},
	year = {2010},
	URL = {https://doc.rust-lang.org/nightly/book/},
}

@misc{JavaTut,
	title = {The Java™ Tutorials},
	publisher = {Oracle},
	address = {Xx},
	year = {1995},
	URL = {https://docs.oracle.com/javase/tutorial/index.html},
}

@misc{ScalaTut,
	author = {Joel Abrahamsson},
	journal = {Joel Abrahamsson},
	title = {Learning Scala},
	publisher = {Joel Abrahamsson},
	address = {Xx},
	year = {2010},
	URL = {http://joelabrahamsson.com/programming/scala/},
}

@misc{LLLRComp,
	journal = {Software Engineering Stack Exchange},
	title = {What are the main advantages and disadvantages of LL and LR parsing?},
	publisher = {Stack Exchange Inc},
	address = {Xx},
	year = {c2017},
	URL = {http://softwareengineering.stackexchange.com/questions/19541},
}

@book{JavaCompilerConstructionCampbell,
	author = {Bill Campbell and Swami. Iyer and Bahar. Akbal-Delibas},
	title = {Introduction to compiler construction in a Java world},
	publisher = {CRC Press},
	address = {Boca Raton, FL},
	year = {2013},
	ISBN = {978-143-9860-885},
}


