@masterthesis{Cejchan2017,
  author = {Daniel Čejchan},
  title = {Překladač nového modulárního programovacího jazyka},
  address = {Brno},
  year = {2017},
  school = {Vysoké učení technické v Brně, Fakulta informačních technologií},
  type = {Bakalářská práce},
}